{
  "leader": "04729cam a2200517Ia 4500",
  "fields": [
    {
      "001": "ocm56356083\\"
    },
    {
      "003": "OCoLC"
    },
    {
      "005": "20220103110841.0"
    },
    {
      "008": "040813s2005\\\\\\\\nyu\\\\\\\\\\\\b\\\\\\\\001\\0\\eng\\\\"
    },
    {
      "010": {
        "ind1": "\\",
        "ind2": "\\",
        "subfields": [
          {
            "a": "  2004056397"
          }
        ]
      }
    },
    {
      "019": {
        "ind1": "\\",
        "ind2": "\\",
        "subfields": [
          {
            "a": "1001482318"
          },
          {
            "a": "1022628030"
          },
          {
            "a": "1243894760"
          }
        ]
      }
    },
    {
      "020": {
        "ind1": "\\",
        "ind2": "\\",
        "subfields": [
          {
            "a": "0743254805"
          }
        ]
      }
    },
    {
      "020": {
        "ind1": "\\",
        "ind2": "\\",
        "subfields": [
          {
            "a": "9780743254809"
          }
        ]
      }
    },
    {
      "024": {
        "ind1": "3",
        "ind2": "0",
        "subfields": [
          {
            "a": "9780743254809"
          }
        ]
      }
    },
    {
      "035": {
        "ind1": "\\",
        "ind2": "\\",
        "subfields": [
          {
            "a": "(OCoLC)56356083"
          },
          {
            "z": "(OCoLC)1001482318"
          },
          {
            "z": "(OCoLC)1022628030"
          },
          {
            "z": "(OCoLC)1243894760"
          }
        ]
      }
    },
    {
      "040": {
        "ind1": "\\",
        "ind2": "\\",
        "subfields": [
          {
            "a": "DLC"
          },
          {
            "b": "eng"
          },
          {
            "c": "DLC"
          },
          {
            "d": "VTT"
          },
          {
            "d": "CYC"
          },
          {
            "d": "BAKER"
          },
          {
            "d": "XY4"
          },
          {
            "d": "NLGGC"
          },
          {
            "d": "YDXCP"
          },
          {
            "d": "OCLCQ"
          },
          {
            "d": "BTCTA"
          },
          {
            "d": "TXA"
          },
          {
            "d": "UBY"
          },
          {
            "d": "BDX"
          },
          {
            "d": "IG#"
          },
          {
            "d": "OCLCF"
          },
          {
            "d": "OCLCO"
          },
          {
            "d": "OCLCQ"
          },
          {
            "d": "SFR"
          },
          {
            "d": "SAV"
          },
          {
            "d": "OCLCQ"
          },
          {
            "d": "TYC"
          },
          {
            "d": "OCLCQ"
          },
          {
            "d": "BRL"
          },
          {
            "d": "OCLCQ"
          },
          {
            "d": "BDP"
          },
          {
            "d": "L2U"
          },
          {
            "d": "VNTRA"
          },
          {
            "d": "OCLCQ"
          },
          {
            "d": "CUS"
          },
          {
            "d": "HDC"
          }
        ]
      }
    },
    {
      "042": {
        "ind1": "\\",
        "ind2": "\\",
        "subfields": [
          {
            "a": "pcc"
          }
        ]
      }
    },
    {
      "050": {
        "ind1": "0",
        "ind2": "0",
        "subfields": [
          {
            "a": "HM851"
          },
          {
            "b": ".O4 2005"
          }
        ]
      }
    },
    {
      "055": {
        "ind1": "\\",
        "ind2": "4",
        "subfields": [
          {
            "a": "HM851"
          },
          {
            "b": "O43"
          }
        ]
      }
    },
    {
      "082": {
        "ind1": "0",
        "ind2": "0",
        "subfields": [
          {
            "a": "303.48330973"
          },
          {
            "b": "OHA"
          }
        ]
      }
    },
    {
      "096": {
        "ind1": "\\",
        "ind2": "\\",
        "subfields": [
          {
            "a": "303.4833 O36n"
          }
        ]
      }
    },
    {
      "100": {
        "ind1": "1",
        "ind2": "\\",
        "subfields": [
          {
            "a": "O'Harrow, Robert."
          }
        ]
      }
    },
    {
      "245": {
        "ind1": "1",
        "ind2": "0",
        "subfields": [
          {
            "a": "No place to hide /"
          },
          {
            "c": "Robert O'Harrow, Jr."
          }
        ]
      }
    },
    {
      "260": {
        "ind1": "\\",
        "ind2": "\\",
        "subfields": [
          {
            "a": "New York :"
          },
          {
            "b": "Free Press,"
          },
          {
            "c": "\u00a92005."
          }
        ]
      }
    },
    {
      "300": {
        "ind1": "\\",
        "ind2": "\\",
        "subfields": [
          {
            "a": "348 pages ;"
          },
          {
            "c": "24 cm"
          }
        ]
      }
    },
    {
      "336": {
        "ind1": "\\",
        "ind2": "\\",
        "subfields": [
          {
            "a": "text"
          },
          {
            "b": "txt"
          },
          {
            "2": "rdacontent"
          }
        ]
      }
    },
    {
      "337": {
        "ind1": "\\",
        "ind2": "\\",
        "subfields": [
          {
            "a": "unmediated"
          },
          {
            "b": "n"
          },
          {
            "2": "rdamedia"
          }
        ]
      }
    },
    {
      "338": {
        "ind1": "\\",
        "ind2": "\\",
        "subfields": [
          {
            "a": "volume"
          },
          {
            "b": "nc"
          },
          {
            "2": "rdacarrier"
          }
        ]
      }
    },
    {
      "504": {
        "ind1": "\\",
        "ind2": "\\",
        "subfields": [
          {
            "a": "Includes bibliographical references (pages 301-332) and index."
          }
        ]
      }
    },
    {
      "505": {
        "ind1": "0",
        "ind2": "\\",
        "subfields": [
          {
            "a": "Six weeks in autumn -- Data revolution -- Who am I? -- The matrix -- Look me up sometime -- The immutable me -- Total information awareness -- The government's eyes and ears -- Good guys, bad guys -- No place to hide."
          }
        ]
      }
    },
    {
      "520": {
        "ind1": "\\",
        "ind2": "\\",
        "subfields": [
          {
            "a": "In No Place to Hide, award-winning Washington Post reporter Robert O'Harrow, Jr., lays out in unnerving detail the post-9/11 marriage of private data and technology companies and government anti-terror initiatives to create something entirely new: a security-industrial complex. Drawing on his years of investigation, O'Harrow shows how the government now depends on burgeoning private reservoirs of information about almost every aspect of our lives to promote homeland security and fight the war on terror. Consider the following: When you use your cell phone, the phone company knows where you are and when. If you use a discount card, your grocery and prescription purchases are recorded, profiled, and analyzed. Many new cars have built-in devices that enable companies to track from afar details about your movements. Software and information companies can even generate graphical link-analysis charts illustrating exactly how each person in a room is related to every other -- through jobs, roommates, family, and the like. Almost anyone can buy a dossier on you, including almost everything it takes to commit identity theft, for less than fifty dollars. It may sound like science fiction, but it's the routine activity of the nation's fast-growing information industry and, more and more, its new partner the U.S. government. With unrivaled access, O'Harrow tells the inside stories of key players in this new world, from software inventors to counterintelligence officials. He reveals how the government is creating a national intelligence infrastructure with the help of private companies. And he examines the impact of this new security system on our traditional notions of civil liberties, autonomy, and privacy, and the ways it threatens to undermine some of our society's most cherished values, even while offering us a sense of security. This eye-opening examination takes readers behind the walls of secrecy and shows how we are rushing toward a surveillance society with few rules to guide and protect us. In this new world of high-tech domestic intelligence, there is literally no place to hide. A behind-the-scenes look at some of the less favorable aspects of today's surveillance-based society discusses how the government and private marketing companies are using modern technology to protect homeland security and fight the war on terror at the expense of personal privacy and civil liberties."
          }
        ]
      }
    },
    {
      "650": {
        "ind1": "\\",
        "ind2": "0",
        "subfields": [
          {
            "a": "Information technology"
          },
          {
            "x": "Social aspects."
          }
        ]
      }
    },
    {
      "650": {
        "ind1": "\\",
        "ind2": "0",
        "subfields": [
          {
            "a": "Information society."
          }
        ]
      }
    },
    {
      "650": {
        "ind1": "\\",
        "ind2": "0",
        "subfields": [
          {
            "a": "Electronic surveillance."
          }
        ]
      }
    },
    {
      "650": {
        "ind1": "\\",
        "ind2": "0",
        "subfields": [
          {
            "a": "Privacy, Right of."
          }
        ]
      }
    },
    {
      "650": {
        "ind1": "\\",
        "ind2": "7",
        "subfields": [
          {
            "a": "Electronic surveillance."
          },
          {
            "2": "fast"
          },
          {
            "0": "(OCoLC)fst00907477"
          }
        ]
      }
    },
    {
      "650": {
        "ind1": "\\",
        "ind2": "7",
        "subfields": [
          {
            "a": "Information society."
          },
          {
            "2": "fast"
          },
          {
            "0": "(OCoLC)fst00972767"
          }
        ]
      }
    },
    {
      "650": {
        "ind1": "\\",
        "ind2": "7",
        "subfields": [
          {
            "a": "Information technology"
          },
          {
            "x": "Social aspects."
          },
          {
            "2": "fast"
          },
          {
            "0": "(OCoLC)fst00973131"
          }
        ]
      }
    },
    {
      "650": {
        "ind1": "\\",
        "ind2": "7",
        "subfields": [
          {
            "a": "Privacy, Right of."
          },
          {
            "2": "fast"
          },
          {
            "0": "(OCoLC)fst01077444"
          }
        ]
      }
    },
    {
      "856": {
        "ind1": "4",
        "ind2": "2",
        "subfields": [
          {
            "3": "Sample text"
          },
          {
            "u": "http://catdir.loc.gov/catdir/enhancements/fy0641/2004056397-s.html"
          }
        ]
      }
    },
    {
      "856": {
        "ind1": "4",
        "ind2": "2",
        "subfields": [
          {
            "3": "Table of contents"
          },
          {
            "u": "http://catdir.loc.gov/catdir/enhancements/fy0631/2004056397-t.html"
          }
        ]
      }
    },
    {
      "856": {
        "ind1": "4",
        "ind2": "2",
        "subfields": [
          {
            "3": "Publisher description"
          },
          {
            "u": "http://catdir.loc.gov/catdir/enhancements/fy0631/2004056397-d.html"
          }
        ]
      }
    },
    {
      "856": {
        "ind1": "4",
        "ind2": "1",
        "subfields": [
          {
            "u": "http://americanradioworks.publicradio.org/features/noplacetohide/"
          }
        ]
      }
    },
    {
      "948": {
        "ind1": "\\",
        "ind2": "\\",
        "subfields": [
          {
            "h": "NO HOLDINGS IN NYRVC - 1587 OTHER HOLDINGS"
          }
        ]
      }
    },
    {
      "994": {
        "ind1": "\\",
        "ind2": "\\",
        "subfields": [
          {
            "a": "Z0"
          },
          {
            "b": "NYRVC"
          }
        ]
      }
    },
    {
      "999": {
        "ind1": "\\",
        "ind2": "\\",
        "subfields": [
          {
            "a": "00000000019083"
          }
        ]
      }
    }
  ]
}